@book{Kerrisk:LPI,
 author = {Kerrisk, Michael},
 title = {The Linux Programming Interface: A Linux and UNIX System Programming Handbook},
 year = {2010},
 isbn = {1593272200, 9781593272203},
 edition = {1st},
 publisher = {No Starch Press},
 address = {San Francisco, CA, USA},
}

@book{Stevens:APU,
 author = {Stevens, W. Richard and Rago, Stephen A.},
 title = {Advanced Programming in the UNIX Environment, Second Edition},
 year = {2008},
 isbn = {0321525949, 9780321525949},
 edition = {2nd},
 publisher = {Addison-Wesley Professional},
}

@book{Stevens:UNP,
 author = {Stevens, W. Richard and Fenner, Bill and Rudoff, Andrew M.},
 title = {UNIX Network Programming, Vol. 1},
 year = {2003},
 isbn = {0131411551},
 edition = {3},
 publisher = {Pearson Education},
}

@article{Ousterhout:bsd,
 author = {ousterhout, john k. and da costa, herv{\'e} and harrison, david and kunze, john a. and kupfer, mike and thompson, james g.},
 title = {A trace-driven analysis of the unix 4.2 bsd file system},
 journal = {sigops oper. syst. rev.},
 issue_date = {dec. 1-4, 1985},
 volume = {19},
 number = {5},
 month = dec,
 year = {1985},
 issn = {0163-5980},
 pages = {15--24},
 numpages = {10},
 url = {http://doi.acm.org/10.1145/323627.323631},
 doi = {10.1145/323627.323631},
 acmid = {323631},
 publisher = {acm},
 address = {new york, ny, usa},
}

@inproceedings{Harter:ioapple,
 author = {Harter, Tyler and Dragga, Chris and Vaughn, Michael and Arpaci-Dusseau, Andrea C. and Arpaci-Dusseau, Remzi H.},
 title = {A File is Not a File: Understanding the I/O Behavior of Apple Desktop Applications},
 booktitle = {Proceedings of the Twenty-Third ACM Symposium on Operating Systems Principles},
 series = {SOSP '11},
 year = {2011},
 isbn = {978-1-4503-0977-6},
 location = {Cascais, Portugal},
 pages = {71--83},
 numpages = {13},
 url = {http://doi.acm.org/10.1145/2043556.2043564},
 doi = {10.1145/2043556.2043564},
 acmid = {2043564},
 publisher = {ACM},
 address = {New York, NY, USA},
}

@inproceedings{Atlidakis:POSIX,
 author = {Atlidakis, Vaggelis and Andrus, Jeremy and Geambasu, Roxana and Mitropoulos, Dimitris and Nieh, Jason},
 title = {POSIX Abstractions in Modern Operating Systems: The Old, the New, and the Missing},
 booktitle = {Proceedings of the Eleventh European Conference on Computer Systems},
 series = {EuroSys '16},
 year = {2016},
 isbn = {978-1-4503-4240-7},
 location = {London, United Kingdom},
 pages = {19:1--19:17},
 articleno = {19},
 numpages = {17},
 url = {http://doi.acm.org/10.1145/2901318.2901350},
 doi = {10.1145/2901318.2901350},
 acmid = {2901350},
 publisher = {ACM},
 address = {New York, NY, USA},
} 

@inproceedings{Tsai:LinuxAPI,
 author = {Tsai, Chia-Che and Jain, Bhushan and Abdul, Nafees Ahmed and Porter, Donald E.},
 title = {A Study of Modern Linux API Usage and Compatibility: What to Support when You'Re Supporting},
 booktitle = {Proceedings of the Eleventh European Conference on Computer Systems},
 series = {EuroSys '16},
 year = {2016},
 isbn = {978-1-4503-4240-7},
 location = {London, United Kingdom},
 pages = {16:1--16:16},
 articleno = {16},
 numpages = {16},
 url = {http://doi.acm.org/10.1145/2901318.2901341},
 doi = {10.1145/2901318.2901341},
 acmid = {2901341},
 publisher = {ACM},
 address = {New York, NY, USA},
}

@techreport{Komu:Sockets,
    title={Sockets and Beyond: Assessing the Source Code of Network Applications},
    author={Komu, Miika; Varjonen, Samu; Tarkoma, Sasu; Gurtov, Andrei},
    year={2011},
    language={en},
    isbn={978-952-60-4905-2 (electronic); 978-952-60-4904-5 (printed)},
    series={Aalto University publication series SCIENCE + TECHNOLOGY; 30/2011},
    publisher={Aalto University; Aalto-yliopisto},
    type={D4},
    url={http://urn.fi/URN:ISBN:978-952-60-4905-2},
}

@inproceedings{Schmidt:intents,
 author = {Schmidt, Philipp S. and Enghardt, Theresa and Khalili, Ramin and Feldmann, Anja},
 title = {Socket Intents: Leveraging Application Awareness for Multi-access Connectivity},
 booktitle = {Proceedings of the Ninth ACM Conference on Emerging Networking Experiments and Technologies},
 series = {CoNEXT '13},
 year = {2013},
 isbn = {978-1-4503-2101-3},
 location = {Santa Barbara, California, USA},
 pages = {295--300},
 numpages = {6},
 url = {http://doi.acm.org/10.1145/2535372.2535405},
 doi = {10.1145/2535372.2535405},
 acmid = {2535405},
 publisher = {ACM},
 address = {New York, NY, USA},
 keywords = {application awareness, multi-access connectivity, network programming interfaces, network properties, socket api, socket intents},
} 

@article{Quarterman:BSD,
 author = {Quarterman, John S. and Silberschatz, Abraham and Peterson, James L.},
 title = {4.2BSD and 4.3BSD As Examples of the UNIX System},
 journal = {ACM Comput. Surv.},
 issue_date = {Dec. 1985},
 volume = {17},
 number = {4},
 month = dec,
 year = {1985},
 issn = {0360-0300},
 pages = {379--418},
 numpages = {40},
 url = {http://doi.acm.org/10.1145/6041.6043},
 doi = {10.1145/6041.6043},
 acmid = {6043},
 publisher = {ACM},
 address = {New York, NY, USA},
} 

@article{ritchie1984unix,
  title={The unix system: A stream input-output system},
  author={Ritchie, Dennis M},
  journal={AT\&T Bell Laboratories Technical Journal},
  volume={63},
  number={8},
  pages={1897--1910},
  year={1984},
  publisher={Alcatel-Lucent}
}

@book{rago1993unix,
  title={UNIX System V network programming},
  author={Rago, Stephen A},
  year={1993},
  publisher={Addison-Wesley Professional}
}

@book{donahoo2001pocket,
  title={The pocket guide to TCP/IP sockets: C version},
  author={Donahoo, Michael J and Calvert, Kenneth L},
  year={2001},
  publisher={Morgan Kaufmann}
}

@InProceedings{Provos_Scalable:2000,
  author =       {Provos, Niels and Lever, Chuck},
  title =        {{Scalable Network I/O in Linux}},
  booktitle = {USENIX 2000 Technical Conference, Freenix Track},
  year =      2000,
  month =     {June},
  address =   {San Diego, CA}}

@article{almesberger1998using,
  title={Using Quality of Service can be simple: Arequipa with Renegotiable ATM connections},
  author={Almesberger, Werner and Chandran-Wadia, Leena and Giordano, Silvia and Le Boudec, Jean-Yves and Schmid, Rolf},
  journal={Computer Networks and ISDN Systems},
  volume={30},
  number={24},
  pages={2327--2336},
  year={1998},
  publisher={Elsevier}
}

@inproceedings{gammo2004comparing,
  title={Comparing and evaluating epoll, select, and poll event mechanisms},
  author={Gammo, Louay and Brecht, Tim and Shukla, Amol and Pariag, David},
  booktitle={Linux Symposium},
  volume={1},
  year={2004}
}

@inproceedings{bittau2010case,
  title={The Case for Ubiquitous Transport-Level Encryption.},
  author={Bittau, Andrea and Hamburg, Michael and Handley, Mark and Mazieres, David and Boneh, Dan},
  booktitle={USENIX Security Symposium},
  pages={403--418},
  year={2010}
}

@article{natarajan2009sctp,
  title={SCTP: What, why, and how},
  author={Natarajan, Preethi and Baker, Fred and Amer, Paul D and Leighton, Jonathan T},
  journal={IEEE Internet Computing},
  volume={13},
  number={5},
  year={2009},
  publisher={IEEE}
}

@inproceedings{abbasi2002quality,
  title={A quality-of-service enhanced socket API in GNU/Linux},
  author={Abbasi, Hasan and Poellabauer, Christian and Schwan, Karsten and Losik, Gregory and West, Richard},
  booktitle={Proceedings of the 4th Real-Time Linux Workshop, Boston, Massachusetts},
  year={2002},
  organization={Citeseer}
}

@inproceedings{schier2012using,
  title={Using DCCP: Issues and improvements},
  author={Schier, Michael and Welzl, Michael},
  booktitle={Network Protocols (ICNP), 2012 20th IEEE International Conference on},
  pages={1--9},
  year={2012},
  organization={IEEE}
}

@inproceedings{hesmans2016enhanced,
  title={An enhanced socket API for Multipath TCP},
  author={Hesmans, Benjamin and Bonaventure, Olivier},
  booktitle={Proceedings of the 2016 Applied Networking Research Workshop},
  pages={1--6},
  year={2016},
  organization={ACM}
}

@inproceedings{hesmans2015smapp,
  title={Smapp: Towards smart multipath tcp-enabled applications},
  author={Hesmans, B and Detal, G and Barre, S and Bauduin, R and Bonaventure, O},
  booktitle={Proceedings of the 11th ACM Conference on Emerging Networking Experiments and Technologies},
  pages={28},
  year={2015},
  organization={ACM}
}

@misc{aosp_blockguardos,
	title={BlockGuardOs},
	author={AOSP 6.0.1},
	note={https://android.googlesource.com/platform/ libcore/+/android-6.0.1\_r79/luni/src/main/ java/libcore/io/BlockGuardOs.java\#81},
}

@misc{aosp_okhttp_socketconnector,
	title={OkHTTP},
	author={SquareUp},
	note={https://android.googlesource.com/platform/ external/okhttp/+/android-6.0.1\_r79/okhttp/ src/main/java/com/squareup/okhttp/internal/http/ SocketConnector.java\#147},	
}

@misc{aosp_socket,
	title={Socket},
	author={AOSP 6.0.1},
	note={https://android.googlesource.com/platform/ libcore/+/android-6.0.1\_r79/luni/src/main/java/ java/net/Socket.java\#223}	
}

@misc{aosp_conscrypt,
	title={OpenSSLSocketImpl},
	author={conscrypt},
	note={https://android.googlesource.com/platform/ external/conscrypt/+/android-6.0.1\_r79/src/ main/java/org/conscrypt/ OpenSSLSocketImpl.java\#259}	
}
